%% This BibTeX bibliography file was created using BibDesk.
%% http://bibdesk.sourceforge.net/

%% Created for Andrea Antonacci at 2019-04-30 11:05:55 +0200 


%% Saved with string encoding Unicode (UTF-8) 



@article{DiMaggio2001Social-Implicat,
	Author = {Paul DiMaggio and Eszter Hargittai and W. Russell Neuman and John P. Robinson},
	Date-Added = {2018-08-20 10:05:38 +0000},
	Date-Modified = {2018-08-23 09:33:58 +0000},
	Journal = {Annual Review of Sociology},
	Pages = {307-336},
	Title = {{{Social Implications of the Internet}}},
	Volume = {27},
	Year = {2001}}

@article{Stevenson2007Marriage-and-Di,
	Author = {Betsey Stevenson and Justin Wolfers},
	Date-Added = {2018-08-19 19:24:56 +0000},
	Date-Modified = {2018-08-19 19:25:32 +0000},
	Journal = {The Journal of Economic Perspectives},
	Number = {2},
	Pages = {27-52},
	Title = {{{Marriage and Divorce: Changes and Their Driving Forces}}},
	Volume = {21},
	Year = {2007}}

@article{Rochet2003Platform-Compet,
	Author = {Jean-Charles Rochet and Jean Tirole},
	Date-Added = {2018-08-14 12:42:59 +0000},
	Date-Modified = {2018-08-14 12:44:23 +0000},
	Journal = {Journal of the European Economic Association},
	Number = {4},
	Pages = {990-1029},
	Title = {{{Platform Competition in Two-Sided Markets}}},
	Volume = {1},
	Year = {2003}}

@article{Hagiu2015Multi-Sided-Pla,
	Author = {Andrei Hagiu and Julian Wright},
	Date-Added = {2018-08-14 12:30:27 +0000},
	Date-Modified = {2018-08-14 12:32:29 +0000},
	Journal = {Harvard Business School Working Paper},
	Title = {{{Multi-Sided Platforms}}},
	Volume = {15-037},
	Year = {2015}}

@article{Evans2003Some-Empirical-,
	Author = {David S. Evans},
	Date-Added = {2018-08-14 12:01:06 +0000},
	Date-Modified = {2018-08-14 12:03:48 +0000},
	Journal = {Review of Network Economics},
	Number = {3},
	Pages = {191-209},
	Title = {{{Some Empirical Aspects of Multi-sided Platform Industries}}},
	Volume = {2},
	Year = {2003}}

@article{Simon1956Rational-choice,
	Author = {Herbert A. Simon},
	Date-Added = {2018-08-14 08:58:13 +0000},
	Date-Modified = {2018-08-14 08:59:05 +0000},
	Journal = {Psychological Review},
	Number = {2},
	Pages = {129-138},
	Title = {{{Rational choice and the structure of the environment}}},
	Volume = {63},
	Year = {1956}}

@article{Pawowski1999Impact-of-marke,
	Author = {B. Pawowski and R. I. M. Dunbar},
	Date-Added = {2018-08-09 19:25:26 +0000},
	Date-Modified = {2018-08-09 19:26:32 +0000},
	Journal = {Proceedings of the Royal Society of London B},
	Number = {281-285},
	Title = {{{Impact of market value on human mate choice decisions}}},
	Volume = {266},
	Year = {1999}}

@article{Becker1974A-Theory-of-Mar,
	Author = {Gary S. Becker},
	Date-Added = {2018-08-09 18:36:16 +0000},
	Date-Modified = {2018-08-09 18:39:52 +0000},
	Journal = {Economics of the Family: Marriage, Children, and Human Capital},
	Title = {{{A Theory of Marriage}}},
	Year = {1974}}

@article{Illouz2009An-Odd-and-Inse,
	Author = {Eva Illouz and Shoshannah Finkelman},
	Date-Added = {2018-08-09 17:03:10 +0000},
	Date-Modified = {2018-08-09 17:04:09 +0000},
	Journal = {Theory and Society},
	Number = {4},
	Pages = {401-422},
	Title = {{{An Odd and Inseparable Couple: Emotion and Rationality in Partner Selection}}},
	Volume = {38},
	Year = {2009}}

@article{Bernard1990Market-Metaphor,
	Author = {Aaron Bernard and Mara B. Adelman},
	Date-Added = {2018-08-09 16:33:03 +0000},
	Date-Modified = {2018-08-09 16:33:28 +0000},
	Journal = {Advances in Consumer Research},
	Title = {{{Market Metaphors For Meeting Mates}}},
	Volume = {17},
	Year = {1990}}

@article{Heino2010Relationshoppin,
	Author = {Rebecca D. Heino and Nicole B. Ellison and Jennifer L. Gibbs},
	Date-Added = {2018-08-09 16:25:49 +0000},
	Date-Modified = {2018-08-09 16:26:33 +0000},
	Journal = {Journal of Social and Personal Relationships},
	Number = {4},
	Pages = {427-447},
	Title = {{{Relationshopping: Investigating the market metaphor in online dating}}},
	Volume = {27},
	Year = {2010}}

@article{Schmitz2014The-Online-Dati,
	Author = {Andreas Schmitz},
	Date-Added = {2018-08-09 11:34:41 +0000},
	Date-Modified = {2018-08-09 11:35:21 +0000},
	Journal = {Economic Sociology The European Electronic Newsletter},
	Number = {1},
	Pages = {11-24},
	Title = {{{The Online Dating Market: Theoretical and Methodological Considerations}}},
	Volume = {16},
	Year = {2014}}

@article{Finkel2012Online-Dating:-,
	Author = {Eli J. Finkel and Paul W. Eastwick and Benjamin R. Karney and Harry T. Reis and Susan Sprecher},
	Date-Added = {2018-08-09 08:57:56 +0000},
	Date-Modified = {2018-08-09 08:59:11 +0000},
	Journal = {Psychological Science in the Public Interest},
	Number = {1},
	Pages = {3-66},
	Title = {{{Online Dating: A Critical Analysis From the Perspective of Psychological Science}}},
	Volume = {13},
	Year = {2012}}

@article{Rosenfeld2017Marriage-Choice,
	Author = {Michael J. Rosenfeld},
	Date-Added = {2018-08-09 07:57:20 +0000},
	Date-Modified = {2018-08-09 07:57:51 +0000},
	Journal = {Sociological Science},
	Pages = {490-510},
	Title = {{{Marriage, Choice, and Couplehood in the Age of the Internet}}},
	Volume = {4},
	Year = {2017}}

@article{Weiser2017Swiping-right:-,
	Author = {Dana A. Weiser and Sylvia Niehuis and Jeanne Flora and Narissra M. Punyanunt-Carter and Vladimir S. Arias and R. Hannah Baird},
	Date-Added = {2018-08-09 07:47:35 +0000},
	Date-Modified = {2018-08-09 07:49:49 +0000},
	Journal = {Personality and Individual Differences},
	Pages = {29-33},
	Title = {{{Swiping right: Sociosexuality, intentions to engage in infidelity, and infidelity experiences on Tinder}}},
	Volume = {133},
	Year = {2017}}

@article{Blow2005Infidelity-in-c,
	Author = {Adrian J. Blow and Kelley Hartnett},
	Date-Added = {2018-08-09 07:41:40 +0000},
	Date-Modified = {2018-08-14 07:41:51 +0000},
	Journal = {Journal of Marital and Family Therapy},
	Number = {2},
	Pages = {217-233},
	Title = {{{Infidelity in committed relationships II: A substantive review}}},
	Volume = {31},
	Year = {2005}}

@article{Zillmann2011Liars-have-shor,
	Author = {Doreen Zillmann and Andreas Schmitz and Hans-Peter Blossfeld},
	Date-Added = {2018-08-08 22:34:03 +0000},
	Date-Modified = {2018-08-09 08:00:11 +0000},
	Journal = {Zeitschrift fur Familienforschung},
	Number = {3},
	Pages = {291-318},
	Title = {{{Liars have short legs. The relationship between deceptive self-presentation and mating opportunities in online dating}}},
	Volume = {23},
	Year = {2011}}

@article{Wang2007Cyberdating:-Mi,
	Author = {Hong Wang and Xin-An Lu},
	Date-Added = {2018-08-08 22:27:36 +0000},
	Date-Modified = {2018-08-08 22:27:55 +0000},
	Journal = {Informing Science Journal},
	Title = {{{Cyberdating: Misinformation and (Dis)trust in Online Interaction}}},
	Volume = {10},
	Year = {2007}}

@conference{Hancock2007The-Truth-about,
	Author = {Jeffrey T. Hancock and Catalina Toma and Nicole Ellison},
	Booktitle = {Proceedings of the 2007 Conference on Human Factors in Computing Systems, CHI 2007},
	Date-Added = {2018-08-08 22:13:38 +0000},
	Date-Modified = {2018-08-08 22:14:39 +0000},
	Title = {The Truth about Lying in Online Dating Profiles},
	Year = {2007}}

@article{Hirschman1987People-as-Produ,
	Author = {Elizabeth C. Hirschman},
	Date-Added = {2018-08-08 21:28:48 +0000},
	Date-Modified = {2018-08-09 10:00:26 +0000},
	Journal = {Journal of Marketing},
	Number = {1},
	Pages = {98-108},
	Title = {{{People as Products: Analysis of a Complex Marketing Exchange}}},
	Volume = {51},
	Year = {1987}}

@phdthesis{Fiore2004Romantic-Regres,
	Author = {Andrew T. Fiore},
	Date-Added = {2018-08-08 19:48:27 +0000},
	Date-Modified = {2018-08-08 19:49:01 +0000},
	School = {Massachusetts Institute of Technology},
	Title = {Romantic Regressions. An Analysis of Behavior in Online Dating Systems.},
	Year = {2004}}

@article{Frey1996Marriage-Parado,
	Author = {Bruno S. Frey and Reiner Eichenberger},
	Date-Added = {2018-08-08 18:48:55 +0000},
	Date-Modified = {2018-08-08 18:49:44 +0000},
	Journal = {Rationality and Society},
	Number = {2},
	Pages = {187-206},
	Title = {{{Marriage Paradoxes}}},
	Volume = {8},
	Year = {1996}}

@article{Sumter2016Love-me-Tinder:,
	Author = {Sindy R. Sumter and Laura Vandenbosch and Loes Ligtenberg},
	Date-Added = {2018-08-08 18:03:06 +0000},
	Date-Modified = {2018-08-08 18:03:41 +0000},
	Journal = {Telematics and Informatics},
	Title = {{{Love me Tinder: untangling emerging adults' motivations for using the dating application Tinder}}},
	Year = {2016}}

@article{Timmermans2017To-Tinder-or-no,
	Author = {Elisabeth Timmermans and Elien De Caluw{\'e}},
	Date-Added = {2018-08-08 17:26:45 +0000},
	Date-Modified = {2018-08-08 17:27:34 +0000},
	Journal = {Personality and Individual Differences},
	Pages = {74-79},
	Title = {{{To Tinder or not to Tinder, that's the question: An individual differences perspective to Tinder use and motives}}},
	Volume = {110},
	Year = {2017}}

@conference{Fiore2005Homophily-in-On,
	Author = {Andrew T. Fiore and Judith S. Donath},
	Booktitle = {Proceedings of the 2005 Conference on Human Factors in Computing Systems, CHI 2005},
	Date-Added = {2018-08-08 15:21:03 +0000},
	Date-Modified = {2018-08-08 15:24:53 +0000},
	Title = {{{Homophily in Online Dating: When Do You Like Someone Like Yourself?}}},
	Year = {2005}}

@article{Skopek2011The-gendered-dy,
	Author = {Jan Skopek and Andreas Schmitz and Hans-Peter Blossfeld},
	Date-Added = {2018-08-08 14:56:51 +0000},
	Date-Modified = {2018-08-08 14:57:58 +0000},
	Journal = {Journal of Family Research},
	Number = {3},
	Title = {{{The gendered dynamics of age preferences -- Empirical evidence from online dating}}},
	Volume = {23},
	Year = {2011}}

@article{Lin2013Mate-Selection-,
	Author = {Ken-Hou Lin and Jennifer Lundquist},
	Date-Added = {2018-08-08 14:34:03 +0000},
	Date-Modified = {2018-08-08 14:34:55 +0000},
	Journal = {American Journal of Sociology},
	Number = {1},
	Pages = {183-215},
	Title = {{{Mate Selection in Cyberspace: The Intersection of Race, Gender, and Education}}},
	Volume = {119},
	Year = {2013}}

@conference{Abramova2016Gender-Differen,
	Author = {Olga Abramova and Annika Baumann and Hanna Krasnova and Peter Buxmann},
	Booktitle = {2016 49th Hawaii International Conference on System Sciences (HICSS)},
	Date-Added = {2018-08-08 11:51:16 +0000},
	Date-Modified = {2018-08-08 11:54:28 +0000},
	Title = {{{Gender Differences in Online Dating: What Do We Know So Far? A Systematic Literature Review}}},
	Year = {2016}}

@article{Regan2000Partner-Prefere,
	Author = {Pamela C. Regan and Lauren Levin and Susan Sprecher and F. Scott Christopher and Rodney Gate},
	Date-Added = {2018-08-08 11:42:54 +0000},
	Date-Modified = {2018-08-08 11:45:05 +0000},
	Journal = {Journal of Psychology \& Human Sexuality},
	Number = {3},
	Pages = {1-21},
	Title = {{{Partner Preferences: What Characteristics Do Men and Women Desire in Their Short-Term Sexual and Long-Term Romantic Partners?}}},
	Volume = {12},
	Year = {2000}}

@article{Blossfeld2009Educational-Ass,
	Author = {Hans-Peter Blossfeld},
	Date-Added = {2018-08-08 11:30:22 +0000},
	Date-Modified = {2018-08-08 11:31:44 +0000},
	Journal = {Annual Review of Sociology},
	Pages = {513-530},
	Title = {{{Educational Assortative Marriage in Comparative Perspective}}},
	Volume = {35},
	Year = {2009}}

@article{Hitsch2010Matching-and-So,
	Author = {G{\"u}nter J. Hitsch and Ali Horta{\c c}su and Dan Ariely},
	Date-Added = {2018-08-08 11:19:24 +0000},
	Date-Modified = {2018-08-08 11:20:38 +0000},
	Journal = {American Economic Review},
	Number = {1},
	Pages = {130-163},
	Title = {{{Matching and Sorting in Online Dating}}},
	Volume = {100},
	Year = {2010}}

@article{Hitsch2010What-Makes-You-,
	Author = {G{\"u}nter J. Hitsch and Ali Horta{\c c}su and Dan Ariely},
	Date-Added = {2018-08-08 11:17:45 +0000},
	Date-Modified = {2018-08-08 11:19:20 +0000},
	Journal = {Quantitative Marketing and Economics},
	Number = {4},
	Pages = {393-427},
	Title = {{{What Makes You Click? -- Mate Preferences in Online Dating}}},
	Volume = {8},
	Year = {2010}}

@article{Hakim2010Erotic-Capital,
	Author = {Catherine Hakim},
	Date-Added = {2018-08-08 10:37:47 +0000},
	Date-Modified = {2018-08-08 10:38:26 +0000},
	Journal = {European Sociological Review},
	Number = {5},
	Pages = {499-518},
	Title = {{{Erotic Capital}}},
	Volume = {26},
	Year = {2010}}

@article{Willis2006First-Impressio,
	Author = {Janine Willis and Alexander Todorov},
	Date-Added = {2018-08-08 09:33:19 +0000},
	Date-Modified = {2018-08-08 09:34:37 +0000},
	Journal = {Psychological Science},
	Number = {7},
	Pages = {592-598},
	Title = {{{First Impressions. Making Up Your Mind After a 100-Ms Exposure to a Face}}},
	Volume = {17},
	Year = {2006}}

@article{Wong2003Why-Do-Only-5.5,
	Author = {Linda Y. Wong},
	Date-Added = {2018-08-07 10:45:40 +0000},
	Date-Modified = {2018-08-07 10:46:37 +0000},
	Journal = {International Economic Review},
	Number = {3},
	Pages = {803-826},
	Title = {{{Why Do Only 5.5\% of Black Men Marry White Women?}}},
	Volume = {44},
	Year = {2003}}

@article{Qian2002Race-and-social,
	Author = {Zhenchao Qian},
	Date-Added = {2018-08-07 10:43:49 +0000},
	Date-Modified = {2018-08-07 10:51:22 +0000},
	Journal = {Race \& Society},
	Number = {1},
	Pages = {33-47},
	Title = {Race and social distance: intermarriage with non-Latino Whites},
	Volume = {5},
	Year = {2002}}

@techreport{BrightEdge201757-of-Search-Tr,
	Author = {BrightEdge},
	Date-Added = {2018-08-07 10:06:08 +0000},
	Date-Modified = {2019-04-30 09:03:29 +0000},
	Institution = {BrightEdge},
	Title = {{{57\% of Search Traffic is Now Mobile}}},
	Year = {2017}}

@book{Granovetter1974Getting-a-Job,
	Author = {Mark S. Granovetter},
	Date-Added = {2018-08-06 12:20:59 +0000},
	Date-Modified = {2018-08-06 12:21:41 +0000},
	Publisher = {Harvard University Press, Cambridge},
	Title = {Getting a Job},
	Year = {1974}}

@book{Mitchell1969Social-Networks,
	Author = {James Clyde Mitchell},
	Date-Added = {2018-08-05 20:32:55 +0000},
	Date-Modified = {2019-04-30 09:04:12 +0000},
	Publisher = {Manchester University Press},
	Title = {Social Networks in Urban Situations},
	Year = {1969}}

@article{Cartwright1956Structural-Bala,
	Author = {D. Cartwright and Frank Harary},
	Date-Added = {2018-08-05 17:53:25 +0000},
	Date-Modified = {2018-08-05 21:47:42 +0000},
	Journal = {The Psychological Review},
	Number = {5},
	Title = {{{Structural Balance: A Generalization of Heider's Theory}}},
	Volume = {63},
	Year = {1956}}

@article{Heider1946Attitudes-and-c,
	Author = {Fritz Heider},
	Date-Added = {2018-08-05 16:59:42 +0000},
	Date-Modified = {2018-08-05 21:48:35 +0000},
	Journal = {The Journal of Psychology: Interdisciplinary and Applied},
	Pages = {107-112},
	Title = {{{Attitudes and cognitive organization}}},
	Volume = {21},
	Year = {1946}}

@book{J.1934Who-Shall-Survi,
	Author = {J. L. Moreno},
	Date-Added = {2018-08-05 16:37:01 +0000},
	Date-Modified = {2018-08-05 16:38:41 +0000},
	Publisher = {Beacon Press},
	Title = {Who Shall Survive?},
	Year = {1934}}

@book{Scott1991Social-Network-,
	Author = {John Scott},
	Date-Added = {2018-08-05 10:38:32 +0000},
	Date-Modified = {2018-08-05 10:40:15 +0000},
	Publisher = {Sage Publications Ldt},
	Title = {Social Network Analysis. A handbook.},
	Year = {1991}}

@article{Cacioppo2013Marital-satisfa,
	Author = {John T. Cacioppo and Stephanie Cacioppo and Gian C. Gonzaga and Elizabeth L. Ogburn and Tyler J. VanderWeele},
	Date-Added = {2018-08-04 21:25:46 +0000},
	Date-Modified = {2018-08-04 21:26:58 +0000},
	Journal = {Proceedings of the National Academy of Sciences},
	Title = {Marital satisfaction and break-ups differ across on-line and off-line meeting venues},
	Volume = {110},
	Year = {2013}}

@book{Illouz2007Cold-Intimacies,
	Author = {Eva Illouz},
	Date-Added = {2018-08-04 20:49:39 +0000},
	Date-Modified = {2018-08-04 20:51:10 +0000},
	Publisher = {Polity Press},
	Title = {Cold Intimacies: The Making of Emotional Capitalism},
	Year = {2007}}

@article{Scharlott1995Overcoming-Rela,
	Author = {Bradford W. Scharlott and William G. Christ},
	Date-Added = {2018-08-04 20:18:18 +0000},
	Date-Modified = {2018-08-05 21:49:14 +0000},
	Journal = {Computers in Human Behavior},
	Number = {2},
	Pages = {191-204},
	Title = {{{Overcoming Relationship-Initiation Barriers: The Impact of a Computer-Dating System on Sex Role, Shyness, and Appearance Inhibitions}}},
	Volume = {11},
	Year = {1995}}

@book{Hakim2011Erotic-Capital,
	Author = {Catherine Hakim},
	Date-Added = {2018-08-04 18:57:17 +0000},
	Date-Modified = {2018-08-04 18:58:26 +0000},
	Publisher = {New York: Basic Books},
	Title = {Erotic Capital: the Power of Attraction in the Boardroom and the Bedroom},
	Year = {2011}}

@article{Granovetter1973The-Strenght-of,
	Author = {Mark S. Granovetter},
	Date-Added = {2018-08-04 17:40:56 +0000},
	Date-Modified = {2018-08-05 21:48:16 +0000},
	Journal = {American Journal of Sociology},
	Pages = {1360--1380},
	Title = {{{The Strenght of Weak Ties}}},
	Volume = {78},
	Year = {1973}}

@article{Ortega2017The-Strength-of,
	Author = {Josu{\'e} Ortega and Philipp Hergovich},
	Date-Added = {2018-08-04 17:38:22 +0000},
	Date-Modified = {2019-04-30 09:05:48 +0000},
	Journal = {arXiv.org},
	Title = {The Strength of Absent Ties: Social Integration via Online Dating},
	Year = {2017}}

@book{Schmitz2016The-Structure-o,
	Author = {Andreas Schmitz},
	Date-Added = {2018-08-04 17:36:02 +0000},
	Date-Modified = {2018-08-04 17:37:56 +0000},
	Publisher = {Springer},
	Title = {The Structure of Digital Partner Choice: A Bourdieusian Perspective},
	Year = {2016}}

@article{Michael-J.-Rosenfeld2012Searching-for-a,
	Author = {Michael J. Rosenfeld and Reuben J. Thomas},
	Date-Added = {2018-08-04 14:28:01 +0000},
	Date-Modified = {2018-08-05 21:48:55 +0000},
	Journal = {American Sociological Review},
	Number = {4},
	Pages = {523-547},
	Title = {{{Searching for a Mate: The Rise of the Internet as a Social Intermediary}}},
	Volume = {77},
	Year = {2012}}

@book{Becker1991A-Treatise-on-t,
	Author = {Gary S. Becker},
	Date-Added = {2018-08-04 14:25:46 +0000},
	Date-Modified = {2018-08-04 14:27:10 +0000},
	Publisher = {Cambridge, MA: Harvard University Press},
	Title = {A Treatise on the Family},
	Year = {1991}}

@book{Illouz1997Consuming-the-R,
	Author = {Eva Illouz},
	Date-Added = {2018-07-29 10:51:32 +0000},
	Date-Modified = {2018-07-29 10:52:15 +0000},
	Publisher = {University of California Press},
	Title = {Consuming the Romantic Utopia: Love and the Cultural Contradictions of Capitalism},
	Year = {1997}}

@article{Abgr06,
	Author = {P. Abgrall and others},
	Doi = {10.1088/0960-1317/16/1/016},
	File = {SU-8-selbst-hergestellt.pdf:Photolacke\\SU-8-selbst-hergestellt.pdf:PDF},
	Journal = {J. Micromech. Microeng.},
	Pages = {113\,-\,121},
	Title = {A novel fabrication method of flexible and monolithic {3D microfluidic structures using lamination of SU-8} films},
	Url = {http://dx.doi.org/10.1088/0960-1317/16/1/016},
	Volume = {16},
	Year = {2006}}

@article{Abol05,
	Author = {S.N. Abolmasov and T. Shirafuji and K. Tachibana},
	Doi = {10.1109/TPS.2005.845093},
	File = {Abolmasov-submillimeter-discharge-2005.pdf:DBD\\Abolmasov-submillimeter-discharge-2005.pdf:PDF},
	Journal = {IEEE Trans. Plasma Sci.},
	Pages = {941\,-\,948},
	Title = {Submillimeter Dielectric Barrier Discharges at Atmospheric Pressure: Edge Effect},
	Url = {http://dx.doi.org/10.1109/TPS.2005.845093},
	Volume = {33},
	Year = {2005}}

@article{Akis03,
	Author = {Yu.S. Akishev and A.V. Dem\textrm{'}yanov and V.B. Karal\textrm{'}nik and A.E. Monich and N.I. Trushkin},
	Doi = {10.1134/1.1538505},
	File = {Akishev-Comparison-BC-dischages-2003.pdf:DBD\\Akishev-Comparison-BC-dischages-2003.pdf:PDF},
	Journal = {Plasma Physics Reports},
	Pages = {90\,-\,100},
	Title = {Comparison of the AC Barrier Corona with DC Positive and Negative Coronas and Barrier Discharge},
	Url = {http://www.triniti.ru/CTF\&VM/Articles/Demyanov3.pdf},
	Volume = {29},
	Year = {2003}}

@article{Baba01,
	Author = {S.E. Babayan and others},
	Doi = {10.1088/0963-0252/10/4/305},
	File = {:DBD\\Babayan-SiOx-2001.pdf:PDF},
	Journal = {Plasma Sources Sci. Technol.},
	Number = {4},
	Pages = {573\,-\,578},
	Publisher = {Bristol, UK: IOP Pub.; Woodbury, NY: American Institute of Physics, c1991-},
	Title = {Deposition of silicon dioxide films with a non-equilibrium atmospheric-pressure plasma jet},
	Url = {http://dx.doi.org/10.1088/0963-0252/10/4/305},
	Volume = {10},
	Year = {2001}}

@article{Beck06,
	Author = {K.H. Becker and K.H. Schoenbach and J.G. Eden},
	Doi = {10.1088/0022-3727/39/3/R01},
	File = {:DBD\\Becker_Overview microplasmas-2006.pdf:PDF},
	Journal = {J. Phys. D: Appl. Phys.},
	Pages = {R55\,-\,R70},
	Title = {Microplasmas and applications},
	Url = {http://dx.doi.org/10.1088/0022-3727/39/3/R01},
	Volume = {39},
	Year = {2006}}

@article{Bile04,
	Author = {B. Bilenberg and T. Nielsen and B. Clausen and A. Kristensen},
	Doi = {10.1088/0960-1317/14/6/008},
	File = {Bile04.pdf:Photolacke\\Bile04.pdf:PDF},
	Journal = {J. Micromech. Microeng.},
	Pages = {814\,-\,818},
	Title = {PMMA to SU-8 bonding for polymer based lab-on-a-chip systems with integrated optics},
	Url = {http://dx.doi.org/10.1088/0960-1317/14/6/008},
	Volume = {14},
	Year = {2004}}

@article{Blan04,
	Author = {F. J. Blanco and others},
	Doi = {10.1088/0960-1317/14/7/027},
	File = {Blan04.pdf:Photolacke\\Blan04.pdf:PDF},
	Journal = {J. Micromech. Microeng.},
	Pages = {1047\,-\,1056},
	Title = {Novel three-dimensional embedded {SU-8} microchannels fabricated using a low temperature full wafer adhesive bonding},
	Url = {http://dx.doi.org/10.1088/0960-1317/14/7/027},
	Volume = {14},
	Year = {2004}}

@article{Boga02,
	Author = {A. Bogaerts and E. Neyts and R. Gijbels and J. van der Mullen},
	Doi = {10.1016/S0584-8547(01)00406-2},
	File = {:Allgemein\\2002_gas discharge plasmas and their applications.pdf:PDF},
	Journal = {Spectrochim. Acta. B Atom. Spectros.},
	Number = {4},
	Pages = {609--658},
	Publisher = {Elsevier},
	Title = {Gas discharge plasmas and their applications},
	Url = {\href{http://dx.doi.org/10.1016/S0584-8547(01)00406-2}{http://dx.doi.org/10.1016/S0584-8547(01)00406-2}},
	Volume = {57},
	Year = {2002}}

@article{Bran07,
	Author = {R. Brandenburg and others},
	Doi = {10.1002/ctpp.200710011},
	File = {:DBD\\Brandenburg07-PlasmaJet-microbial.pdf:PDF},
	Journal = {Contrib. Plasma Phys.},
	Pages = {72\,-\,79},
	Title = {Antimicrobial Treatment of Heat Sensitive Materials by Means of Atmospheric Pressure {Rf}-Driven Plasma Jet},
	Url = {http://dx.doi.org/10.1002/ctpp.200710011},
	Volume = {47},
	Year = {2007}}

@article{Bran05,
	Author = {R. Brandenburg and H.-E. Wagner and A.M. Morozov and K.V. Kozlov},
	Doi = {10.1088/0022-3727/38/11/003},
	File = {:DBD\\Brandenburg-DBD-characteristics-05.pdf:PDF},
	Journal = {J. Phys. D: Appl. Phys.},
	Number = {11},
	Pages = {1649\,-\,1657},
	Publisher = {London: The Institute of Physics and The Physical Society.},
	Title = {Axial and radial development of microdischarges of barrier discharges in {N2/O2} mixtures at atmospheric pressure},
	Url = {http://dx.doi.org/10.1088/0022-3727/38/11/003},
	Volume = {38},
	Year = {2005}}

@conference{Brea09,
	Author = {M.C. Breadmore and E. Candish and R.M. Guijt},
	Booktitle = {\textmu TAS 2009},
	Title = {Dry film photoresist, saving time and money without compromising on performance},
	Year = {2009}}

@book{Bruu08,
	Author = {Henrik Bruus},
	Publisher = {Oxford University Press},
	Title = {Theoretical Microfluidics},
	Url = {http://www.worldcat.org/oclc/176807166},
	Year = {2008}}

@article{Bull01,
	Author = {N.A. Bullett and others},
	Doi = {10.1002/sia.1146},
	File = {:DBD\\Bullett-SEM mask pattern-2001.pdf:PDF},
	Journal = {Surf. Interface Anal.},
	Number = {11},
	Pages = {1074\,-\,1076},
	Title = {Direct imaging of plasma-polymerized chemical micropatterns},
	Url = {http://dx.doi.org/10.1002/sia.1146},
	Volume = {31},
	Year = {2001}}

@article{Carl04,
	Author = {J. Carlier and others},
	Doi = {10.1088/0960-1317/14/4/024},
	File = {Carlier04.pdf:Photolacke\\Carlier04.pdf:PDF},
	Journal = {J. Micromech. Microeng.},
	Pages = {619\,-\,624},
	Title = {Integrated microfluidics based on multi-layered SU-8 for mass spectrometry analysis},
	Url = {http://dx.doi.org/10.1088/0960-1317/14/4/024},
	Volume = {14},
	Year = {2004}}

@article{Carl1977,
	Author = {Carlsson, DJ and Garton, A. and Wiles, DM},
	Doi = {10.1002/app.1977.070211112},
	File = {:DBD\\Carlsson-PP-oxidation-1977.pdf:PDF},
	Journal = {Journal of Applied Polymer Science},
	Number = {11},
	Pages = {2963\,-\,2978},
	Publisher = {Wiley Subscription Services, Inc., A Wiley Company New York},
	Title = {The weatherability of polypropylene monofilaments. Effects of fiber production conditions},
	Url = {http://dx.doi.org/10.1002/app.1977.070211112},
	Volume = {21},
	Year = {1977}}

@article{Carr1903,
	Author = {W.R. Carr},
	Doi = {10.1098/rsta.1903.0020},
	File = {:DBD\\Carr-Electric dischare at low pressure-1903.pdf:PDF},
	Journal = {Phil. Trans. Roy. Soc. Lond. Math. Phys. Sci.},
	Pages = {403-433},
	Title = {On the Laws Governing Electric Discharges in Gases at Low Pressures},
	Url = {http://dx.doi.org/10.1098/rsta.1903.0020},
	Volume = {201},
	Year = {1903}}

@article{Chang00,
	Author = {H.-K. Chang and Y.-K. Kim},
	Doi = {10.1016/S0924-4247(00)00408-8},
	File = {SU-8-Aspektverhaeltnis-Springer.pdf:Photolacke\\SU-8-Aspektverhaeltnis-Springer.pdf:PDF},
	Journal = {Sensors and Actuators A},
	Pages = {342\,-\,350},
	Title = {{UV-LIGA process for high aspect ratio structure using stress barrier and C-shaped etch hole}},
	Url = {\href{http://dx.doi.org/10.1016/S0924-4247(00)00408-8}{http://dx.doi.org/10.1016/S0924-4247(00)00408-8}},
	Volume = {84},
	Year = {2000}}

@article{Char1967,
	Author = {F.M. Charbonnier and C.J. Bennette and L.W.~Swanson},
	Doi = {10.1063/1.1709385},
	File = {:DBD\\Charbonnier-Breakdown-1967.pdf:PDF},
	Journal = {J. Appl. Phys.},
	Pages = {627\,-\,633},
	Publisher = {AIP},
	Title = {Electrical Breakdown between Metal Electrodes in High Vacuum. I. Theory},
	Url = {http://dx.doi.org/10.1063/1.1709385},
	Volume = {38},
	Year = {1967}}

@article{Char1967-2,
	Author = {F.M. Charbonnier and C.J. Bennette and L.W. Swanson},
	Doi = {10.1063/1.1709386},
	File = {:DBD\\Charbonnier-Breakdown-1967-2.pdf:PDF},
	Journal = {J. Appl. Phys.},
	Pages = {634\,-\,640},
	Publisher = {AIP},
	Title = {Electrical Breakdown between Metal Electrodes in High Vacuum. II. Experimental},
	Url = {http://dx.doi.org/10.1063/1.1709386},
	Volume = {38},
	Year = {1967}}

@article{Coog1996,
	Author = {J.J. Coogan and A.D. Sappey},
	Doi = {10.1109/27.491706},
	File = {:DBD\\Coogan-FilamentDiameter-1996.pdf:PDF},
	Journal = {IEEE Trans. Plasma Sci.},
	Number = {1},
	Pages = {91\,-\,92},
	Title = {Distribution of {OH} within silent discharge plasma reactors},
	Url = {http://dx.doi.org/10.1109/27.491706},
	Volume = {24},
	Year = {1996}}

@article{Cutl1993,
	Author = {P. Cutler},
	Doi = {10.1016/0079-6816(93)90068-7},
	File = {:DBD\\Cutler-Emission in high fields-1993.pdf:PDF},
	Journal = {Progress in Surface Science},
	Number = {1-4},
	Pages = {169\,-\,185},
	Title = {Theory of electron emission in high fields from atomically sharp emitters: Validity of the Fowler-Nordheim equation},
	Url = {\href{http://dx.doi.org/10.1016/0079-6816(93)90068-7}{http://dx.doi.org/10.1016/0079-6816(93)90068-7}},
	Volume = {42},
	Year = {1993}}

@book{Davi1998,
	Author = {J.R. Davis},
	Edition = {2nd},
	Pages = {1128},
	Publisher = {ASM International},
	Title = {Metals handbook: desk edition},
	Year = {1998}}

@article{Dikm04,
	Author = {A.J. Dikmans and others},
	Doi = {10.1023/B:MODI.0000036234.66238.4e},
	File = {:Allgemein\\Dikmans-Amino-array-2004.pdf:PDF},
	Journal = {Molecular diversity},
	Number = {3},
	Pages = {197\,-\,207},
	Title = {A new compact disc format of high density array synthesis applied to peptide nucleic acids and in situ {MALDI} analysis},
	Url = {http://dx.doi.org/10.1023/B:MODI.0000036234.66238.4e},
	Volume = {8},
	Year = {2004}}

@phdthesis{Dora02,
	Author = {Rajesh Dorai},
	File = {:DBD\\Dorai-plasma-reactions-2002.pdf:PDF},
	School = {University of Illinois at Urbana-Champaign},
	Title = {Modeling of Atmospheric Pressure Plasma Processing of Gases and Surfaces},
	Url = {http://uigelz.eecs.umich.edu/pub/theses/rajesh_phd_thesis.pdf},
	Year = {2002}}

@article{Dora03,
	Author = {R. Dorai and M.J. Kushner},
	Doi = {10.1088/0022-3727/36/6/309},
	File = {:DBD\\Dorai-PP-Surface-chemistry-2003.pdf:PDF},
	Journal = {J. Phys. D: Appl. Phys},
	Number = {6},
	Pages = {666\,-\,685},
	Publisher = {IOP PUBLISHING LTD},
	Title = {A model for plasma modification of polypropylene using atmospheric pressure discharges},
	Url = {http://dx.doi.org/10.1088/0022-3727/36/6/309},
	Volume = {36},
	Year = {2003}}

@article{Dush1923,
	Author = {S. Dushman},
	Doi = {10.1103/PhysRev.21.623},
	File = {:DBD\\Dushman-Thermionic-Emission-1923.pdf:PDF},
	Journal = {Physical Review},
	Pages = {623\,-\,636},
	Publisher = {APS},
	Title = {Electron Emission from Metals as a Function of Temperature},
	Url = {http://dx.doi.org/10.1103/PhysRev.21.623},
	Volume = {21},
	Year = {1923}}

@article{Eden03,
	Author = {J.G. Eden and others},
	Doi = {10.1088/0022-3727/36/23/001},
	File = {:DBD\\Eden-Cavity Silicon-2003.pdf:PDF},
	Journal = {J. Phys. D: Appl. Phys.},
	Pages = {2869\,-\,2877},
	Title = {Microplasma devices fabricated in silicon, ceramic, and metal/polymer structures: arrays, emitters and photodetectors},
	Url = {http://dx.doi.org/10.1088/0022-3727/36/23/001},
	Volume = {36},
	Year = {2003}}

@article{Elia1991,
	Author = {B. Eliasson and U. Kogelschatz},
	Doi = {10.1109/27.106829},
	File = {:DBD\\Eliasson-Modelling-1991.pdf:PDF},
	Journal = {IEEE Trans. Plasma Sci.},
	Number = {2},
	Pages = {309\,-\,323},
	Title = {Modeling and applications of silent discharge plasmas},
	Url = {http://dx.doi.org/10.1109/27.106829},
	Volume = {19},
	Year = {1991}}

@conference{Flac02,
	Author = {W.W. Flack and H.A. Nguyen and E. Capsuto},
	Booktitle = {Society of Photo-Optical Instrumentation Engineers (SPIE) Conference Series},
	Doi = {10.1117/12.474198},
	File = {:Photolacke\\SINR-resist-2002.pdf:PDF},
	Pages = {1203\,-\,1216},
	Title = {Characterization of a novel photoresist redistribution material for advanced packaging applications},
	Url = {http://dx.doi.org/10.1117/12.474198},
	Volume = {4690},
	Year = {2002}}

@article{Forb1999,
	Author = {R.G. Forbes},
	Doi = {10.1016/S0304-3991(99)00097-2},
	File = {:DBD\\Forbes - Refining the application of Fowler-Nordheim theory.pdf:PDF},
	Journal = {Ultramicroscopy},
	Pages = {11\,-\,23},
	Title = {Refining the application of Fowler-Nordheim theory},
	Url = {http://dx.doi.org/10.1016/S0304-3991(99)00097-2},
	Volume = {79},
	Year = {1999}}

@article{Gabo1993,
	Author = {S.R. Gaboury and M.W. Urban},
	Doi = {10.1021/la00035a076},
	File = {:DBD\\Gaboury-Epoxy-on-PDMS-1993.pdf:PDF},
	Journal = {Langmuir},
	Number = {11},
	Pages = {3225\,-\,3233},
	Publisher = {American Chemical Society},
	Title = {Microwave plasma reactions of solid monomers with silicone elastomer surfaces: a spectroscopic study},
	Url = {http://dx.doi.org/10.1021/la00035a076},
	Volume = {9},
	Year = {1993}}

@mastersthesis{Gerb03,
	Author = {M. Gerbracht},
	File = {:Photolacke\\Resiste_Diplomarbeit_Gerbracht.pdf:PDF},
	Title = {{Trocknung dicker Photoresistschichten mittels unterschiedlicher Trocknungsverfahren}},
	Type = {Diplomarbeit},
	Year = {2003}}

@inproceedings{Golub02-2,
	Author = {Yu.B. Golubovskii and V.A. Maiorov v J. Behnke and J.F. Behnke},
	Booktitle = {Proc. of 16th ESCAMPIG/5th ICRP (Grenoble, France, 14-18 July 2002), Vol. 1, p. 235-236},
	File = {Golubovskii02-Filament-stability.pdf:DBD\\Golubovskii02-Filament-stability.pdf:PDF},
	Title = {Stability of the barrier discharge relative to the filamentation},
	Url = {http://optics.phys.spbu.ru/~golub/articles/barrier2d\_16ESCAMPIG.pdf},
	Year = {2002}}

@article{Golub03,
	Author = {Yu.B. Golubovskii and V.A. Maiorov and J. Behnke and J.F. Behnke},
	Doi = {10.1088/0022-3727/36/1/306},
	Journal = {J. Phys. D: Appl. Phys.},
	Pages = {39\,-\,49},
	Title = {Modelling of the homogeneous barrier discharge in helium at atmospheric pressure},
	Url = {http://dx.doi.org/10.1088/0022-3727/36/1/306},
	Volume = {36},
	Year = {2003}}

@inproceedings{Golub01,
	Author = {Yu.B. Golubovskii and V.A. Maiorov and J. Behnke and J.F. Behnke},
	File = {DBD_EmissionenausDielektrikum_Golubovskii01.pdf:DBD\\DBD_EmissionenausDielektrikum_Golubovskii01.pdf:PDF},
	Title = {The role of emission from the dielectric surface in a homogeneous barrier discharge in nitrogen},
	Url = {http://optics.phys.spbu.ru/~golub/articles/DBD\_ISPC15.pdf},
	Year = {2001}}

@inproceedings{Golub02,
	Author = {Yu. B. Golubovskii and V. A. Maiorov and J. Behnke and J. F. Behnke},
	Booktitle = {Proc. of 16th ESCAMPIG/5th ICRP (Grenoble, France, 14-18 July 2002), Vol. 1, p. 233-234},
	Title = {Some Aspects of the Modeling of an Uniform Barrier Discharge in Nitrogen},
	Url = {http://optics.phys.spbu.ru/~golub/articles/DBD\_N2\_16ESCAMPIG.pdf},
	Year = {2002}}

@article{Goos1998,
	Author = {A. Goossens and E.L. Maloney and J Schoonman},
	Doi = {10.1002/(SICI)1521-3862(199805)04:03<109::AID-CVDE109>3.0.CO;2-U},
	File = {:DBD\\Goossens-TiCl4-1998.pdf:PDF},
	Journal = {Chemical Vapor Deposition},
	Number = {3},
	Pages = {109\,-\,114},
	Publisher = {WILEY-VCH Verlag GmbH Weinheim},
	Title = {Gas-Phase Synthesis of Nanostructured Anatase $\mathrm{TiO_2}$},
	Url = {\href{http://dx.doi.org/10.1002/(SICI)1521-3862(199805)04:03<109::AID-CVDE109>3.0.CO;2-U}{http://dx.doi.org/10.1002/(SICI)1521-3862(199805)04:03<109::AID-CVDE109>3.0.CO;2-U}},
	Volume = {4},
	Year = {1998}}

@article{Graz08,
	Author = {I. Graz and A. Ebner and S. Bauer and C. Romanin and H. Gruber},
	Doi = {10.1007/s00339-008-4614-z},
	File = {:DBD\\Graz-Patterned surface treatment-2008.pdf:PDF},
	Journal = {Appl. Phys. A},
	Pages = {547\,-\,555},
	Title = {Micropatterned atmospheric pressure discharge surface modification of fluorinated polymer films for mammalian cell adhesion and protein binding},
	Url = {http://dx.doi.org/10.1007/s00339-008-4614-z},
	Volume = {92},
	Year = {2008}}

@article{Han04,
	Author = {M. Han and W. Lee and S.-K. Lee and S.S. Lee},
	Doi = {10.1016/j.sna.2003.10.006},
	File = {Rotated UV.pdf:Photolacke\\Rotated UV.pdf:PDF},
	Journal = {Sensors and Actuators A},
	Pages = {14\,-\,20},
	Title = {{3D microfabrication with inclined/rotated UV lithography}},
	Url = {http://dx.doi.org/10.1016/j.sna.2003.10.006},
	Volume = {111},
	Year = {2003}}

@article{Hand00,
	Author = {K. Handique and D.T. Burke and C.H. Mastrangelo and M.A. Burns},
	Doi = {10.1021/ac000064s},
	File = {:Allgemein\\Handique-hydrophobic-channels-2000.pdf:PDF},
	Journal = {Anal. Chem.},
	Number = {17},
	Pages = {4100\,-\,4109},
	Title = {{Nanoliter liquid metering in microchannels using hydrophobic patterns}},
	Url = {http://dx.doi.org/10.1021/ac000064s},
	Volume = {72},
	Year = {2000}}

@article{Hei04,
	Author = {M. Heise and W. Neff and O. Franken and P. Muranyi and J. Wunderlich},
	Doi = {10.1023/B:PAPO.0000039814.70172.c0},
	File = {DBD_Sterilisation_Heise2004.pdf:DBD\\DBD_Sterilisation_Heise2004.pdf:PDF},
	Journal = {Plasmas polym.},
	Pages = {23\,-\,33},
	Title = {Sterilization of Polymer Foils with Dielectric Barrier Discharges at Atmospheric Pressure},
	Url = {http://dx.doi.org/10.1023/B:PAPO.0000039814.70172.c0},
	Volume = {9},
	Year = {2004}}

@article{Hens07,
	Author = {K. Hensel and others},
	Doi = {10.1002/ppap.200700022},
	File = {:DBD\\Hensel-DBD-in-Ceramics-2007.pdf:PDF},
	Journal = {Plasma Process. Polym.},
	Pages = {682\,-\,693},
	Publisher = {WILEY-VCH Verlag Weinheim},
	Title = {Electrical and Optical Properties of {AC} Microdischarges in Porous Ceramics},
	Url = {http://dx.doi.org/10.1002/ppap.200700022},
	Volume = {4},
	Year = {2007}}

@article{Ho04,
	Author = {K.H. Ho and S.T. Newman and S. Rahimifard and R.D. Allen},
	Doi = {10.1016/j.ijmachtools.2004.04.017},
	Journal = {Int. J. Mach. Tool. Manufact.},
	Number = {12\,-\,13},
	Pages = {1247\,-\,1259},
	Publisher = {Elsevier},
	Title = {State of the art in wire electrical discharge machining {(WEDM)}},
	Url = {http://dx.doi.org/10.1016/j.ijmachtools.2004.04.017},
	Volume = {44},
	Year = {2004}}

@article{Inag1998,
	Author = {N. Inagaki and S. Tasaka and M. Makino},
	Doi = {10.1002/%28SICI%291097-4628%2819970509%2964%3A6%3C1031%3A%3AAID-APP1%3E3.0.CO%3B2-M},
	File = {:DBD\\Inagaki-SiOx-oxygen-barrier-1996.pdf:PDF},
	Journal = {J. Appl. Polym. Sci.},
	Number = {6},
	Pages = {1031\,-\,1039},
	Title = {Plasma polymer deposition from mixture of tetramethoxysilane and oxygen on {PET} films and their oxygen gas barrier properties},
	Url = {http://dx.doi.org/10.1002/\%28SICI\%291097-4628\%2819970509\%2964\%3A6\%3C1031\%3A\%3AAID-APP1\%3E3.0.CO\%3B2-M},
	Volume = {64},
	Year = {1998}}

@article{Ito07,
	Author = {T. Ito and others},
	Doi = {10.1088/0960-1317/17/3/003},
	File = {Ito07.pdf:Photolacke\\Ito07.pdf:PDF},
	Journal = {J. Micromech. Microeng.},
	Pages = {432\,-\,438},
	Title = {Characterization of a microfluidic device fabricated using a photosensitive sheet},
	Url = {http://dx.doi.org/10.1088/0960-1317/17/3/003},
	Volume = {17},
	Year = {2007}}

@article{Jack01,
	Author = {R.J. Jackman and T.M. Floyd and R. Ghodssi and M.A. Schmidt and K.F. Jensen},
	Doi = {10.1088/0960-1317/11/3/316},
	File = {Jack01.pdf:Photolacke\\Jack01.pdf:PDF},
	Journal = {J. Micromech. Microeng.},
	Pages = {1\,-\,8},
	Title = {Microfluidic systems with on-line UV detection fabricated in photodefinable epoxy},
	Url = {http://dx.doi.org/10.1088/0960-1317/11/3/316},
	Volume = {11},
	Year = {2001}}

@article{Jens03,
	Author = {K.L. Jensen},
	Doi = {10.1116/1.1573664},
	File = {:DBD\\2003_Electron emission theory and its application.pdf:PDF},
	Journal = {J. Vac. Sci. Technol. B},
	Pages = {1528\,-\,1544},
	Title = {Electron emission theory and its application: Fowler--Nordheim equation and beyond},
	Url = {http://dx.doi.org/10.1116/1.1573664},
	Volume = {21(4)},
	Year = {2003}}

@article{Jens02,
	Author = {K.L. Jensen},
	Doi = {10.1002/0471224332.ch3},
	Journal = {Vacuum Microelectronics},
	Pages = {33\,-\,104},
	Title = {Theory of Field Emission},
	Url = {http://dx.doi.org/10.1002/0471224332.ch3},
	Volume = {Chapter 3},
	Year = {2002}}

@article{Jide06,
	Author = {N. Jidenko and M. Petit and J.P. Borra},
	Doi = {10.1088/0022-3727/39/2/008},
	File = {:DBD\\Jidenko-Plasma-Control-2006.pdf:PDF},
	Journal = {J. Phys. D: Appl. Phys.},
	Number = {2},
	Pages = {281\,-\,293},
	Title = {Electrical characterization of microdischarges produced by dielectric barrier discharge in dry air at atmospheric pressure},
	Url = {http://dx.doi.org/10.1088/0022-3727/39/2/008},
	Volume = {39},
	Year = {2006}}

@article{Jigu06,
	Author = {S. Jigueta and M. Judelewicza and S. Mischlerb and A. Bertchc and P. Renaudc},
	Doi = {10.1016/j.mee.2006.01.068},
	File = {Jiguet_SU-8_filler.pdf:Photolacke\\Jiguet_SU-8_filler.pdf:PDF},
	Journal = {Microelectron. Eng.},
	Pages = {1273\,-\,1276},
	Title = {Effect of filler behavior on nanocomposite {SU8} photoresist for moving micro-parts},
	Url = {http://dx.doi.org/10.1016/j.mee.2006.01.068},
	Volume = {83},
	Year = {2006}}

@article{Kang03,
	Author = {W.S. Kang and J.M. Park and Y. Kim and S.H. Hong},
	Doi = {10.1109/TPS.2003.815469},
	File = {:DBD\\Kang-StreamerSimulations-2003.pdf:PDF},
	Journal = {IEEE Trans. Plasma Sci.},
	Number = {4},
	Pages = {504\,-\,510},
	Title = {Numerical study on influences of barrier arrangements on dielectric barrier discharge characteristics},
	Url = {http://dx.doi.org/10.1109/TPS.2003.815469},
	Volume = {31},
	Year = {2003}}

@article{Kawa1969,
	Author = {H. Kawauchi and K. Tuzimura and H. Maeda and N. Ishida},
	File = {:Allgemein\\Kawauchi-FITC-reaction-1969.pdf:PDF},
	Journal = {Journal of Biochemistry},
	Number = {6},
	Pages = {783\,-\,789},
	Publisher = {Jpn Biochemical Soc},
	Title = {Reaction of fluorescein-isothiocyanate with proteins and amino acids: {II.} Preparation of FIuorescein-Thiohydantoin Amino Acids and Their Thin-layer Chromatography},
	Url = {http://jb.oxfordjournals.org/cgi/content/abstract/66/6/783},
	Volume = {66},
	Year = {1969}}

@inproceedings{Kien04,
	Author = {J. Kieninger and G. Jobst and G. Igel and I. Moser and G. Urban},
	Booktitle = {{Proceedings of \textmu TAS 2004}},
	File = {:Photolacke\\Kieninger-Manuscript_microTAS04_SU.-8pdf.pdf:PDF},
	Pages = {363\,-\,365},
	Title = {{3D} Polymer Microstructures by Laminating {SU-8} Films},
	Volume = {2},
	Year = {2004}}

@article{Kim04,
	Author = {K. Kim and others},
	Doi = {10.1088/0960-1317/14/4/021},
	File = {Hollow Needles.pdf:Photolacke\\Hollow Needles.pdf:PDF},
	Journal = {J. Micromech. Microeng.},
	Pages = {597\,-\,603},
	Title = {{A tapered hollow metallic microneedle array using backside exposure of SU-8}},
	Url = {http://dx.doi.org/10.1088/0960-1317/14/4/021},
	Volume = {14},
	Year = {2004}}

@article{Kim03,
	Author = {S.-O. Kim and J.G. Eden},
	Doi = {10.1109/LPT.2005.848260},
	File = {:DBD\\Kim-Cavity Array Foturan-2005.pdf:PDF},
	Journal = {IEEE Photonics Technology Letters},
	Pages = {1543\,-\,1545},
	Title = {Arrays of Microplasma Devices Fabricated in Photodefinable Glass and Excited {AC or DC} by Interdigitated Electrodes},
	Url = {http://dx.doi.org/10.1109/LPT.2005.848260},
	Volume = {17},
	Year = {2005}}

@inproceedings{Kim08,
	Author = {Y.K. Kim and D. J. Kim},
	Booktitle = {Book of Abstract of 11th International Conference on Plasma Surface Engineering PSE 2008},
	File = {:DBD\\Kim-CxFy-surface-DBD-2008.pdf:PDF},
	Title = {Deposition of super hydrophobic {a-C:F} films by dielectric barrier discharge at atmospheric pressure},
	Url = {http://www.pse2008.net/pdf\_edit/tmp/PO1063-PSE2008-2f1418.pdf},
	Year = {2008}}

@article{Klag07-2,
	Author = {C.P. Klages and C. Berger and M. Eichler and M. Thomas},
	Doi = {10.1002/ctpp.200710008},
	File = {:DBD\\Klages-plasmaprinting-channels-2007.pdf:PDF},
	Journal = {Contributions to Plasma Physics},
	Pages = {49\,-\,56},
	Publisher = {WILEY-VCH Verlag Berlin},
	Title = {Microplasma-Based Treatment of Inner Surfaces in Microfluidic Devices},
	Url = {http://dx.doi.org/10.1002/ctpp.200710008},
	Volume = {47},
	Year = {2007}}

@article{Klag07,
	Author = {C.P. Klages and others},
	Doi = {10.1002/ppap.200600116},
	File = {:DBD\\Klages-Overview-07.pdf:PDF},
	Journal = {Plasma Process. Polym.},
	Number = {3},
	Pages = {208\,-\,218},
	Publisher = {John Wiley \& Sons, Ltd},
	Title = {Surface Technology with Cold Microplasmas},
	Url = {\newline http://dx.doi.org/10.1002/ppap.200600116},
	Volume = {4},
	Year = {2007}}

@article{Kogel03,
	Author = {U. Kogelschatz},
	Doi = {10.1023/A:1022470901385},
	File = {kogelschatz.pdf:DBD\\kogelschatz.pdf:PDF},
	Journal = {Plasma Chem. Plasma Process.},
	Pages = {1\,-\,46},
	Title = {Dielectric-barrier Discharges: Their History, Discharge Physics, and Industrial Applications},
	Url = {http://dx.doi.org/10.1023/A:1022470901385},
	Volume = {23},
	Year = {2003}}

@article{Kogel02,
	Author = {U. Kogelschatz},
	Doi = {10.1109/TPS.2002.804201},
	File = {:DBD\\Kogelschatz-Filaments-2002.pdf:PDF},
	Journal = {IEEE Trans. Plasma Sci.},
	Number = {4},
	Pages = {1400\,-\,1408},
	Title = {Filamentary, Patterned, and Diffuse Barrier Discharges},
	Url = {http://dx.doi.org/10.1109/TPS.2002.804201},
	Volume = {30},
	Year = {2002}}

@article{Koid07,
	Author = {T. Koida and H. Fujiwara and M. Kondo},
	Doi = {10.1143/JJAP.46.L685},
	File = {:Allgemein\\Koida-ITO-2007.pdf:PDF},
	Journal = {Jpn. J. Appl. Phys.},
	Number = {28},
	Pages = {L685\,-\,L687},
	Title = {Hydrogen-doped $\mathrm{In_{2}O_{3}}$ as High-mobility Transparent Conductive Oxide},
	Url = {http://dx.doi.org/10.1143/JJAP.46.L685},
	Volume = {46},
	Year = {2007}}

@article{Kozl05,
	Author = {K.V. Kozlov and others},
	Doi = {10.1088/0022-3727/38/4/003},
	File = {:DBD\\Kozlov-oxygen-impurity-2005.pdf:PDF},
	Journal = {J. Phys. D: Appl. Phys.},
	Pages = {518\,-\,529},
	Title = {Barrier discharges in {N2/O}2 mixtures},
	Url = {http://dx.doi.org/10.1088/0022-3727/38/4/003},
	Volume = {38},
	Year = {2005}}

@article{Krei05,
	Author = {S. Kreitz and C. Penache and M. Thomas and C.-P. Klages},
	Doi = {10.1016/j.surfcoat.2005.01.085},
	File = {:DBD\\Kreitz05-Patterned DBD treatment.pdf:PDF},
	Journal = {Surf. Coat. Technol.},
	Pages = {676\,-\,679},
	Title = {Patterned {DBD} treatment for area-selective metallization of polymers-plasma printing},
	Url = {http://dx.doi.org/10.1016/j.surfcoat.2005.01.085},
	Volume = {200},
	Year = {2005}}

@article{Kukh03,
	Author = {E. Kukharenka and M.M. Farooqui and L. Grigore and M. Kraft and N. Hollinshead},
	Doi = {10.1088/0960-1317/13/4/311},
	File = {Ordyl-1.pdf:Photolacke\\Ordyl-1.pdf:PDF},
	Journal = {J. Micromech. Microeng.},
	Pages = {S67\,-\,S74},
	Title = {Electroplating moulds using dry film thick negative photoresist.},
	Url = {http://dx.doi.org/10.1088/0960-1317/13/4/311},
	Volume = {13},
	Year = {2003}}

@article{Kunh00,
	Author = {E.E. Kunhardt},
	Doi = {10.1109/27.842901},
	File = {:DBD\\Kunhardt00-Frequency-Ignition.pdf:PDF},
	Journal = {IEEE Trans. Plasma Sci.},
	Pages = {189\,-\,200},
	Title = {Generation of Large-Volume, Atmospheric-Pressure, Nonequilibrium Plasmas},
	Url = {http://dx.doi.org/10.1109/27.842901},
	Volume = {28},
	Year = {2000}}

@article{Kwak03,
	Author = {M.G. Kwak and others},
	Doi = {10.1109/TPS.2003.808867},
	File = {Kwak-Xenon-Lamp-2002.pdf:DBD\\Kwak-Xenon-Lamp-2002.pdf:PDF},
	Journal = {IEEE Trans. Plasma Sci.},
	Pages = {176\,-\, 178},
	Title = {Improvement of Luminance Efficiency in Xenon Dielectric Barrier Discharge Flat Lamp},
	Url = {http://dx.doi.org/10.1109/TPS.2003.808867},
	Volume = {31},
	Year = {2003}}

@article{Lang05,
	Author = {B.A. Langowski and K.E. Uhrich},
	Doi = {10.1021/la052222m},
	File = {:DBD\\Langowski-PDMS plasma patterning-2005.pdf:PDF},
	Journal = {Langmuir},
	Pages = {10509\,-\,10514},
	Title = {Microscale Plasma-Initiated Patterning (\textmu {PIP})},
	Url = {\newline http://dx.doi.org/10.1021/la052222m},
	Volume = {21},
	Year = {2005}}

@article{Leve1944,
	Author = {K. Levenberg},
	Journal = {Q. Appl. Math},
	Number = {2},
	Pages = {164\,-\,168},
	Title = {A method for the solution of certain non-linear problems in least squares},
	Volume = {2},
	Year = {1944}}

@article{Lu08,
	Author = {M. Lu and S.-J. Park and B.T. Cunningham and J.G. Eden},
	Doi = {10.1063/1.2827197},
	File = {:DBD\\Lu-Plasma channels-2008.pdf:PDF},
	Journal = {Appl. Phys. Lett.},
	Pages = {1397\,-\,1402},
	Title = {Low temperature plasma channels generated in microcavity trenches with widths of 20\,-\,150\,\textmu{}m and aspect ratios as large as 10\textsuperscript{4}\,:\,1},
	Url = {http://dx.doi.org/10.1063/1.2827197},
	Volume = {92},
	Year = {2008}}

@article{Lu07,
	Author = {M. Lu and S.-J. Park and B.T. Cunningham and J.G. Eden},
	Doi = {10.1109/JMEMS.2006.886034},
	File = {:DBD\\Lu-Microcavities by molding-2007.pdf:PDF},
	Journal = {J. Microelectromech. Syst.},
	Pages = {1397\,-\,1402},
	Title = {Microcavity Plasma Devices and Arrays Fabricated by Plastic-Based Replica Molding},
	Url = {http://dx.doi.org/10.1109/JMEMS.2006.886034},
	Volume = {16},
	Year = {2007}}

@phdthesis{Luca09,
	Author = {N. Lucas},
	School = {Institute for Microtechnology, TU Braunschweig},
	Title = {Microplasma Stamps - An Atmospheric-Pressure Plasma Source for the Area-Selective Modification of Surfaces},
	Url = {http://www.shaker.de/Online-Gesamtkatalog/details.asp?ID=8983398&CC=3631&ISBN=3-8322-8008-1},
	Year = {2009}}

@article{Malk08,
	Author = {G.S. Malkov and others},
	Doi = {10.1002/ppap.200700118},
	File = {:DBD\\Malkov-SEM mask pattern-2008.pdf:PDF},
	Journal = {Plasma Process. Polym.},
	Number = {2},
	Pages = {129\,-\,145},
	Publisher = {John Wiley \& Sons, Ltd},
	Title = {Pulsed-Plasma-Induced Micropatterning with Alternating Hydrophilic and Hydrophobic Surface Chemistries},
	Url = {http://dx.doi.org/10.1002/ppap.200700118},
	Volume = {5},
	Year = {2008}}

@article{Marq1963,
	Author = {Donald W. Marquardt},
	Doi = {10.1137/0111030},
	Journal = {SIAM Journal on Applied Mathematics},
	Number = {2},
	Pages = {431\,-\,441},
	Publisher = {SIAM},
	Title = {An Algorithm for Least-Squares Estimation of Nonlinear Parameters},
	Url = {http://dx.doi.org/10.1137\%2F0111030},
	Volume = {11},
	Year = {1963}}

@article{Mart04,
	Author = {C.R. Martin and I.A. Aksay},
	Doi = {10.1023/B:JECR.0000034001.15359.98},
	File = {:Allgemein\\Martin-Patterning-Ceramics-Overview-2004.pdf:PDF},
	Journal = {J. of Electroceramics},
	Number = {1},
	Pages = {53\,-\,68},
	Publisher = {Springer},
	Title = {Submicrometer-scale patterning of ceramic thin films},
	Url = {http://dx.doi.org/10.1023/B:JECR.0000034001.15359.98},
	Volume = {12},
	Year = {2004}}

@article{Mart1997,
	Author = {C. Martinet and V. Paillard and A. Gagnaire and J. Joseph},
	Doi = {10.1016/S0022-3093(97)00175-0},
	File = {:DBD\\Martinet-SiO2-TiO2-1997.pdf:PDF},
	Journal = {J. Non-Cryst. Solids},
	Pages = {77\,-\,82},
	Title = {Deposition of $\mathrm{SiO_2}$ and $\mathrm{TiO_2}$ thin films by plasma enhanced chemical vapor deposition for antireflection coating},
	Url = {\href{http://dx.doi.org/10.1016/S0022-3093(97)00175-0}{http://dx.doi.org/10.1016/S0022-3093(97)00175-0}},
	Volume = {216},
	Year = {1997}}

@article{Mass01,
	Author = {F. Massines and others},
	Doi = {10.1023/A:1011365306501},
	File = {:DBD\\Massines-oxygen-impurities-2001.pdf:PDF},
	Journal = {Plasmas and Polymers},
	Number = {1},
	Pages = {35\,-\,49},
	Title = {The role of dielectric barrier discharge atmosphere and physics on polypropylene surface treatment},
	Url = {http://dx.doi.org/10.1023/A:1011365306501},
	Volume = {6},
	Year = {2001}}

@article{Masu1998,
	Author = {T. Masuzawa and T. Takawashi},
	Journal = {VDI BERICHTE},
	Pages = {1\,-\,16},
	Publisher = {VDI VERLAG GMBH},
	Title = {{Recent trends in EDM/ECM technologies in Japan}},
	Volume = {1405},
	Year = {1998}}

@article{Mata06,
	Author = {A. Mata and A.J. Fleischmann and S. Roy},
	Doi = {10.1088/0960-1317/16/2/012},
	File = {SU-8-Aspektverhaeltnis-jmm6_2_012.pdf:Photolacke\\SU-8-Aspektverhaeltnis-jmm6_2_012.pdf:PDF},
	Journal = {J. Micromech. Microeng.},
	Pages = {276\,-\,284},
	Title = {Fabrication of multi-layer {SU-8} microstructures},
	Url = {http://dx.doi.org/10.1088/0960-1317/16/2/012},
	Volume = {16},
	Year = {2006}}

@article{Melz1996,
	Author = {K.A. Melzak and C.S. Sherwood and R.F.B. Turner and C.A. Haynes},
	Doi = {10.1006/jcis.1996.0421},
	File = {:Allgemein\\Melzak-DNA-SiOx-Adsorption-1996.pdf:PDF},
	Journal = {J. Colloid Interface Sci.},
	Number = {2},
	Pages = {635\,-\,644},
	Publisher = {Elsevier},
	Title = {Driving forces for {DNA} adsorption to silica in perchlorate solutions},
	Url = {\newline http://dx.doi.org/10.1006/jcis.1996.0421},
	Volume = {181},
	Year = {1996}}

@inproceedings{TOK06,
	Author = {K. Misumi and others},
	Booktitle = {Advances in Resist Technology and Processing XXIII},
	Doi = {10.1117/12.656249},
	Editor = {Qinghuang Lin},
	File = {TOK-Faster Sensitivity and Non-Antimonite Permanent Photoresist for MEMS.pdf:Photolacke\\TOK-Faster Sensitivity and Non-Antimonite Permanent Photoresist for MEMS.pdf:PDF},
	Organization = {SPIE},
	Pages = {61534F},
	Series = {Proceedings of SPIE},
	Title = {Faster sensitivity and non-antimonite permanent photoresist for {MEMS}},
	Url = {http://dx.doi.org/10.1117/12.656249},
	Volume = {6153},
	Year = {2006}}

@article{TOK06-2,
	Author = {K. Misumi and K. Saito and A. Yamanouchi and T. Senzaki and H. Honma},
	Doi = {10.2494/photopolymer.19.57},
	File = {TOK-Minute tunnel structure formation with permanent film photoresist.pdf:Photolacke\\TOK-Minute tunnel structure formation with permanent film photoresist.pdf:PDF},
	Journal = {J. Photopolym. Sci. Technol.},
	Pages = {57\,-\,62},
	Title = {Minute Tunnel Structure Formation with Permanent Film Photoresist},
	Url = {\newline http://dx.doi.org/10.2494/photopolymer.19.57},
	Volume = {19},
	Year = {2006}}

@article{Mull1988,
	Author = {W.M. Mullins and B.L. Averbach},
	Doi = {10.1016/0039-6028(88)90013-1},
	File = {:DBD\\Mullins-Work function of AluOxide-1988.pdf:PDF},
	Journal = {Surface Science},
	Number = {1-2},
	Pages = {41\,-\,51},
	Publisher = {Elsevier},
	Title = {Surface properties of silicon and aluminum oxide powders},
	Url = {\href{http://dx.doi.org/10.1016/0039-6028(88)90013-1}{http://dx.doi.org/10.1016/0039-6028(88)90013-1}},
	Volume = {206},
	Year = {1988}}

@article{Murp1956,
	Author = {E.L. Murphy and R.H. {Good, Jr.}},
	Doi = {10.1103/PhysRev.102.1464},
	File = {:DBD\\Murphy,Good - Thermionic Emission, Field Emission, and the Transition Region.pdf:PDF},
	Journal = {Phys. Rev.},
	Pages = {1464 - 1473},
	Title = {Thermionic Emission, Field Emission, and the Transition Region},
	Url = {http://dx.doi.org/10.1103/PhysRev.102.1464},
	Volume = {102},
	Year = {1956}}

@article{Naka01,
	Author = {A. Nakajima and K. Hashimoto and T. Watanabe},
	Doi = {10.1007/s007060170142},
	File = {:Allgemein\\TiO2-hydrophobic-Nakajima-2001.pdf:PDF},
	Pages = {31\,-\,41},
	Publisher = {Springer},
	Title = {Recent studies on super-hydrophobic films},
	Url = {http://dx.doi.org/10.1007/s007060170142},
	Volume = {132},
	Year = {2001}}

@article{Niem1995,
	Author = {L. Niemeyer},
	Doi = {10.1109/94.407017},
	File = {:DBD\\Niemeyer 95 generalized approach partial discharges.pdf:PDF},
	Journal = {IEEE Transactions on Dielectrics and Electrical Insulation},
	Number = {4},
	Pages = {510\,-\,528},
	Title = {A generalized approach to partial discharge modeling},
	Url = {http://dx.doi.org/10.1109/94.407017},
	Volume = {2},
	Year = {1995}}

@article{Noes04,
	Author = {M. Noeske and J. Degenhardt and S. Strudthoff and U. Lommatzsch},
	Doi = {10.1016/j.ijadhadh.2003.09.006},
	File = {:DBD\\Noeske03-plasma jet treatment.pdf:PDF},
	Journal = {International Journal of Adhesion \& Adhesives},
	Pages = {171\,-\,177},
	Title = {Plasma jet treatment of five polymers at atmospheric pressure: surface modifications and the relevance for adhesion},
	Url = {http://dx.doi.org/10.1016/j.ijadhadh.2003.09.006},
	Volume = {24},
	Year = {2004}}

@article{Nord1928,
	Author = {L. Nordheim},
	Doi = {10.1007/BF01391020},
	File = {:DBD\\Nordheim-1928.pdf:PDF},
	Month = {November},
	Number = {11\,-\,12},
	Pages = {833\,-\,855},
	Title = {Zur Theorie der thermischen Emission und der Reflexion von Elektronen an Metallen},
	Url = {http://dx.doi.org/10.1007/BF01391020},
	Volume = {46},
	Year = {1928}}

@article{Obri01,
	Author = {J. O'Brien},
	Doi = {10.1088/0960-1317/11/4/312},
	File = {OBrien01.pdf:Photolacke\\OBrien01.pdf:PDF},
	Journal = {J. Micromech. Microeng.},
	Pages = {353\,-\,358},
	Title = {Advanced photoresist technologies for microsystems},
	Url = {http://dx.doi.org/10.1088/0960-1317/11/4/312},
	Volume = {11},
	Year = {2001}}

@phdthesis{Olss1998,
	Author = {Anders Olsson},
	File = {:Allgemein\\1998 Valve-less diffuser micropumps.pdf:PDF},
	School = {School of Electrical Engineering, Royal Institute of Technology, Stockholm, Sweden},
	Title = {Valve-less Diffuser Micropumps},
	Url = {http://www.s3.kth.se/instrlab/research/dissertations/pdf/andersodoc.pdf},
	Year = {1998}}

@article{Pan02,
	Author = {C.-T. Pan and H. Yang and S.-C. Shen and M.-C. Chou and H.-P. Chou},
	Doi = {10.1088/0960-1317/12/5/315},
	File = {Wafer-Bonding-Pan.pdf:Photolacke\\Wafer-Bonding-Pan.pdf:PDF},
	Journal = {J. Micromech. Microeng.},
	Pages = {611\,-\,615},
	Title = {A low-temperature wafer bonding technique using patternable materials},
	Url = {http://dx.doi.org/10.1088/0960-1317/12/5/315},
	Volume = {12},
	Year = {2002}}

@article{Park01,
	Author = {J. Park and I. Henins and H.W. Herrmann and G.S. Selwyn},
	Doi = {10.1063/1.1323753},
	File = {:DBD\\Park01-Discharge phenomena.pdf:PDF},
	Journal = {J. Appl. Phys.},
	Pages = {20\,-\,28},
	Title = {Discharge phenomena of an atmospheric pressure radio-frequency capacitive plasma source},
	Url = {http://dx.doi.org/10.1063/1.1323753},
	Volume = {89},
	Year = {2001}}

@article{Park05,
	Author = {S.-J. Park and K.S. Kim and J.G. Eden},
	Doi = {10.1063/1.1923747},
	File = {:DBD\\Park-Cavitiy Al2O3-2005.pdf:PDF},
	Journal = {Appl. Phys. Lett.},
	Pages = {221501},
	Publisher = {AIP},
	Title = {Nanoporous alumina as a dielectric for microcavity plasma devices: Multilayer {Al/AlO} structures},
	Url = {http://dx.doi.org/10.1063/1.1923747},
	Volume = {86},
	Year = {2005}}

@article{Payn02,
	Author = {W.G. Payne and B.W. James and I.S. Falconer},
	Doi = {10.1109/TPS.2002.1003978},
	File = {Payne-Discharge-Growth-2002.pdf:DBD\\Payne-Discharge-Growth-2002.pdf:PDF},
	Journal = {IEEE Trans. Plasma Sci.},
	Pages = {170\,-\,171},
	Title = {The Growth and Decay of Miniature Dielectric Barrier Discharges in Helium, Neon, and Argon},
	Url = {http://dx.doi.org/10.1109/TPS.2002.1003978},
	Volume = {30},
	Year = {2002}}

@article{Pena04,
	Author = {C. Penache and C. Gessner and T. Betker and V. Bartels and C.-P. Klages},
	Booktitle = {Proceedings. 2nd VDE World Microtechnologies Congress, October 13 - 15, 2003},
	Doi = {10.1049/ip-nbt:20040836},
	File = {:DBD\\Penache04-Printing.pdf:PDF},
	Journal = {IEE Proc.-Nanobiotechnol.},
	Pages = {139\,-\,144},
	Title = {Plasma printing: patterned surface functionalisation and coating at atmospheric pressure},
	Url = {http://dx.doi.org/10.1049/ip-nbt:20040836},
	Volume = {151},
	Year = {2004}}

@article{Phel1999,
	Author = {A.V. Phelps and Z.Lj. Petrovic},
	Doi = {10.1088/0963-0252/8/3/201},
	File = {:DBD\\Phelps-Petrovic-Secondary-emission-1999.pdf:PDF},
	Journal = {Plasma Sources Sci. Technol.},
	Pages = {21\,-\,44},
	Publisher = {IOP PUBLISHING},
	Title = {Cold-cathode discharges and breakdown in argon: surface and gas phase production of secondary electrons},
	Url = {http://dx.doi.org/10.1088/0963-0252/8/3/201},
	Volume = {8},
	Year = {1999}}

@inproceedings{Rada07,
	Author = {A.D. Radadia and L. Cao and H.-K. Jeong and M.A. Shannon and R.I. Masel},
	Booktitle = {Proc. of MEMS 2007},
	Doi = {10.1109/MEMSYS.2007.4433110},
	File = {:Photolacke\\Radadia-3D micromixer-2007.pdf:PDF},
	Pages = {361\,-\,364},
	Title = {A {3D} Micromoxer Fabricated with Dry Film Resist},
	Url = {http://dx.doi.org/10.1109/MEMSYS.2007.4433110},
	Year = {2007}}

@article{Radm07,
	Author = {M. Radmilovic-Radjenovic and Z.L. Petrovic and B. Radjenovic},
	Booktitle = {Journal of Physics: Conference Series},
	Doi = {10.1088/1742-6596/71/1/012007},
	File = {:DBD\\Radjenovic-secondary-emisson-2007.pdf:PDF},
	Journal = {J. Phys.: Conf. Ser.},
	Number = {1},
	Pages = {012007},
	Title = {Modelling of breakdown behavior by {PIC/MCC} code with improved secondary emission models},
	Url = {http://dx.doi.org/10.1088/1742-6596/71/1/012007},
	Volume = {71},
	Year = {2007}}

@article{Radu03,
	Author = {I. Radu and R. Bartnikas and G. Czeremuszkin and M.R. Wertheimer},
	Doi = {10.1109/TPS.2003.811647},
	File = {:DBD\\Radu-filament-noble-gases-2003.pdf:PDF},
	Journal = {IEEE Trans. Plasma Sci.},
	Number = {3},
	Pages = {411\,-\,421},
	Title = {Diagnostics of Dielectric Barrier Discharges in Noble Gases: Atmospheric Pressure Glow and Pseudoglow Discharges and Spatio-Temporal Patterns},
	Url = {http://dx.doi.org/10.1109/TPS.2003.811647},
	Volume = {31},
	Year = {2003}}

@article{Radu05,
	Author = {I. Radu and R. Bartnikas and M.R. Wertheimer},
	Doi = {10.1088/0022-3727/38/4/005},
	File = {Radu-filament-noble-gases-2005.pdf:DBD\\Radu-filament-noble-gases-2005.pdf:PDF},
	Journal = {J. Phys. D: Appl. Phys.},
	Pages = {539\,-\,546},
	Title = {Diagnostics and modelling of noble gas atmospheric pressure dielectric barrier discharges in homogeneous or diverging electric fields},
	Url = {http://dx.doi.org/10.1088/0022-3727/38/4/005},
	Volume = {38},
	Year = {2005}}

@article{Rao05,
	Author = {R.B. Rao and K.L. Krafcik and A.M. Morales and J. Lewis},
	Doi = {10.1002/adma.200400514},
	File = {:Allgemein\\Rao-3D-ink-hexagonal-2005.pdf:PDF},
	Journal = {Adv. Mater.},
	Number = {3},
	Pages = {289\,-\,293},
	Publisher = {Wiley-VCH Verlag GmbH},
	Title = {Microfabricated deposition nozzles for direct-write assembly of three-dimensional periodic structures},
	Url = {http://dx.doi.org/10.1002/adma.200400514},
	Volume = {17},
	Year = {2005}}

@book{Rich1921,
	Author = {O.W. Richardson},
	Publisher = {Longmans, Green and co.},
	Title = {The Emission of Electricity from Hot Bodies},
	Url = {http://www.worldcat.org/wcpa/oclc/946804},
	Year = {1921}}

@article{Sarr06,
	Author = {C. Sarra-Bournet and S. Turgeon and D. Mantovani and G. Laroche},
	Doi = {10.1088/0022-3727/39/16/S03},
	File = {:DBD\\Sarra-Bournet-treatment-time-2006.pdf:PDF},
	Journal = {J. Phys. D: Appl. Phys.},
	Number = {16},
	Pages = {3461\,-\,3469},
	Title = {A study of atmospheric pressure plasma discharges for surface functionalization of {PTFE} used in biomedical applications},
	Url = {http://dx.doi.org/10.1088/0022-3727/39/16/S03},
	Volume = {39},
	Year = {2006}}

@article{Sawa1995,
	Author = {Y. Sawada and S. Ogawa and M. Kogoma},
	Doi = {10.1088/0022-3727/28/8/015},
	File = {:DBD\\Sawada-TEOS-SiOx-1995.pdf:PDF},
	Journal = {J. Phys. D: Appl. Phys.},
	Pages = {1661\,-\,1661},
	Publisher = {IOP PUBLISHING LTD},
	Title = {Synthesis of plasma-polymerized tetraethoxysilane and hexamethyldisiloxane films prepared by atmospheric pressure glow discharge},
	Url = {http://dx.doi.org/10.1088/0022-3727/28/8/015},
	Volume = {28},
	Year = {1995}}

@article{Sche07,
	Author = {A. Schenk and others},
	Doi = {10.1002/ppap.200732301},
	File = {:DBD\\Schenk-Optical-Analysis.pdf:PDF},
	Journal = {Plasma Process. Polym.},
	Pages = {S927\,-\,S930},
	Title = {Microstructured Electrode Arrays: Optical analysis of the Glow Discharge in a Magnified Electrode Gap},
	Url = {http://dx.doi.org/10.1002/ppap.200732301},
	Volume = {4},
	Year = {2007}}

@article{Scho04,
	Author = {K.H. Schoenbach and M. Moselhy and W. Shi},
	Doi = {10.1088/0963-0252/13/1/023},
	File = {:DBD\\Schoenbach-FilamentDiameter-2004.pdf:PDF},
	Journal = {Plasma Sources Sci. Technol.},
	Number = {1},
	Pages = {177\,-\,185},
	Publisher = {Bristol, UK: IOP Pub.; Woodbury, NY: American Institute of Physics, c1991-},
	Title = {Self-organization in cathode boundary layer microdischarges},
	Url = {http://dx.doi.org/10.1088/0963-0252/13/1/023},
	Volume = {13},
	Year = {2004}}

@article{Smit00,
	Author = {R.C. Smith and others},
	Doi = {10.1002/1099-0712(200005/10)10:3/5<105::AID-AMO402>3.0.CO;2-J},
	File = {:DBD\\Smith-Ti-and-others-2000.pdf:PDF},
	Journal = {Adv. Mater. Opt. and Electron.},
	Number = {3-5},
	Pages = {105\,-\,114},
	Publisher = {John Wiley \& Sons, Ltd. Chichester, UK},
	Title = {Chemical vapour deposition of the oxides of titanium, zirconium and hafnium for use as high-k materials in microelectronic devices. A carbon-free precursor for the synthesis of hafnium dioxide},
	Url = {\href{http://dx.doi.org/10.1002/1099-0712(200005/10)10:3/5<105::AID-AMO402>3.0.CO;2-J}{http://dx.doi.org/10.1002/1099-0712(200005/10)10:3/5<105::AID-AMO402>3.0.CO;2-J}},
	Volume = {10},
	Year = {2000}}

@book{Socr1994,
	Author = {G. Socrates},
	Edition = {2nd},
	Publisher = {John Wiley \& Sons},
	Title = {Infrared and Raman characteristic group frequencies: tables and charts},
	Year = {1994}}

@conference{Stal07,
	Author = {O. Stalter and B. Burger and S. Lehrmann},
	Booktitle = {European Conference on Power Electronics and Applications, 2007},
	Doi = {10.1109/EPE.2007.4417654},
	File = {:Allgemein\\Stalter-SiC-Inverters-2007.pdf:PDF},
	Pages = {1\,-\,10},
	Title = {{Silicon Carbide (SiC) D-MOS for grid-feeding solar-inverters}},
	Url = {http://dx.doi.org/10.1109/EPE.2007.4417654},
	Year = {2007}}

@article{Star06,
	Author = {S.M. Starikovskaia},
	Doi = {10.1088/0022-3727/39/16/R01},
	File = {:DBD\\Starikovskaia-Streamer-overview-2006.pdf:PDF},
	Journal = {J. Phys. D: Appl. Phys.},
	Number = {16},
	Pages = {R265\,-\,R299},
	Title = {Plasma assisted ignition and combustion},
	Url = {http://dx.doi.org/10.1088/0022-3727/39/16/R01},
	Volume = {39},
	Year = {2006}}

@article{Step07,
	Author = {K. Stephan and others},
	Doi = {10.1088/0960-1317/17/10/N01},
	File = {:Photolacke\\Stephan-DFR-Etertec-HQ-2007.pdf:PDF},
	Journal = {J. Micromech. Microeng.},
	Pages = {N69\,-\,N74},
	Title = {Fast prototyping using a dry film photoresist: microfabrication of soft-lithography masters for microfluidic structures},
	Url = {http://dx.doi.org/10.1088/0960-1317/17/10/N01},
	Volume = {17},
	Year = {2007}}

@article{Suk07,
	Author = {J.W. Suk and J. Cho},
	Doi = {10.1088/0960-1317/17/4/N01},
	File = {:Allgemein\\Suk-hydrophobic-channels-2007.pdf:PDF},
	Journal = {J. Micromech. Microeng.},
	Number = {4},
	Pages = {N11\,-\,N15},
	Title = {Capillary flow control using hydrophobic patterns},
	Url = {http://dx.doi.org/10.1088/0960-1317/17/4/N01},
	Volume = {17},
	Year = {2007}}

@article{Tan06,
	Author = {H.M.L. Tan and T. Akagi and T. Ichiki},
	Doi = {10.2494/photopolymer.19.245},
	File = {:DBD\\Tan06-Plasmajet.pdf:PDF},
	Journal = {J. Photopolym. Sci. Technol.},
	Pages = {245\,-\,250},
	Title = {Localized Plasma Treatment of Poly(dimethylsiloxane) Surfaces and Its Application to Controlled Cell Cultivation},
	Url = {http://dx.doi.org/10.2494/photopolymer.19.245},
	Volume = {19},
	Year = {2006}}

@article{Ther03,
	Author = {D. Therriault and S.R. White and J.A. Lewis},
	Doi = {10.1038/nmat863},
	File = {:Allgemein\\Therriault-Ink-Channels-2003.pdf:PDF},
	Journal = {Nature Materials},
	Number = {4},
	Pages = {265\,-\,271},
	Publisher = {Nature Publishing Group},
	Title = {Chaotic mixing in three-dimensional microvascular networks fabricated by direct-write assembly},
	Url = {http://dx.doi.org/10.1038/nmat863},
	Volume = {2},
	Year = {2003}}

@inproceedings{Thom06,
	Author = {M. Thomas and M. Eichler and C.-P. Klages},
	Booktitle = {49th Annual Technical Conference Proceedings},
	Organization = {Society of Vacuum Coaters},
	Title = {Coating with Atmospheric Pressure Plasma Processes: From Large Area to \textmu{}-Structures},
	Url = {http://tinyurl.com/Thomas06},
	Year = {2006}}

@article{Thom07,
	Author = {M. Thomas and M. von Hausen and C.-P. Klages and P. Baumhof},
	Doi = {10.1002/ppap.200731210},
	File = {:DBD\\Thomas-Carboxy-groups-2007.pdf:PDF},
	Journal = {Plasma Process. Polym.},
	Pages = {S475\,-\,S481},
	Publisher = {WILEY-VCH Verlag Weinheim},
	Title = {Generation of Stable Coatings with Carboxylic Groups by Copolymerization of {MAA} and {VTMS} using {DBD} at Atmospheric Pressure},
	Url = {http://dx.doi.org/10.1002/ppap.200731210},
	Volume = {4},
	Year = {2007}}

@book{Town1915,
	Author = {J.S. Townsend},
	Publisher = {Clarendon Press},
	Title = {Electricity in Gases},
	Url = {http://www.worldcat.org/wcpa/oclc/4294747},
	Year = {1915}}

@book{Town1910,
	Author = {J.S. Townsend},
	Publisher = {Constable},
	Title = {The Theory of Ionization of Gases by Collision},
	Url = {http://www.worldcat.org/wcpa/oclc/8460026},
	Year = {1910}}

@article{Tsai06-2,
	Author = {Y.-C. Tsai and H.-P. Jen and K.-W. Lin and Y.-Z. Hsie},
	Doi = {0.1016/j.chroma.2005.12.003},
	File = {AF-5000-Photolack-2.pdf:Photolacke\\AF-5000-Photolack-2.pdf:PDF},
	Journal = {J. Chromatogr. A},
	Pages = {267\,-\,271},
	Title = {Fabrication of microfluidic devices using dry film photoresist for microchip capillary electrophoresis},
	Url = {http://dx.doi.org/10.1016/j.chroma.2005.12.003},
	Volume = {1111},
	Year = {2006}}

@article{Tsai06-1,
	Author = {Y.-C. Tsai and S.-J. Yang and H.-T. Lee and H.-P. Jen and Y.-Z. Hsieh},
	File = {AF-5000-Photolack.pdf:Photolacke\\AF-5000-Photolack.pdf:PDF},
	Journal = {J. Chin. Chem. Soc.},
	Pages = {683\,-\,688},
	Title = {Fabrication of a Flexible and Disposable Microreactor Using a Dry Film Photoresist},
	Url = {http://nr.stpi.org.tw/ejournal/ChiChemSociety/2006/EJ52-2006-683.pdf},
	Volume = {53},
	Year = {2006}}

@article{Uden1972,
	Author = {S. Udenfriend and others},
	Doi = {10.1126/science.178.4063.871},
	File = {:Allgemein\\Udenfriend-Fluorescamine-1972.pdf:PDF},
	Journal = {Science},
	Pages = {871\,-\,872},
	Title = {Fluorescamine: A Reagent for Assay of Amino Acids, Peptides, Proteins, and Primary Amines in the Picomole Range},
	Url = {http://dx.doi.org/10.1126/science.178.4063.871},
	Volume = {178},
	Year = {1972}}

@article{Velt05,
	Author = {T. Velten and others},
	Doi = {10.1109/TADVP.2005.858427},
	File = {Velten05-review.pdf:Photolacke\\Velten05-review.pdf:PDF},
	Journal = {IEEE trans. adv. packag.},
	Pages = {533\,-\,546},
	Title = {Packaging of Bio-MEMS: Strategies, Technologies, and Applications},
	Url = {http://dx.doi.org/10.1109/TADVP.2005.858427},
	Volume = {28},
	Year = {2005}}

@article{Vora05,
	Author = {K.D. Vora and B.Y. Shew and E.C. Harvey and J.P. Hayes and A.G. Peele},
	Doi = {10.1088/0960-1317/15/5/012},
	File = {SU-8-Aspektverhaeltnis-jmm2005.pdf:Photolacke\\SU-8-Aspektverhaeltnis-jmm2005.pdf:PDF},
	Journal = {J. Micromech. Microeng.},
	Pages = {978\,-\,983},
	Title = {{Specification of mechanical support structures to prevent SU-8 stiction in high aspect ratio structures}},
	Url = {http://dx.doi.org/10.1088/0960-1317/15/5/012},
	Volume = {15},
	Year = {2005}}

@conference{Vult07,
	Author = {P. Vulto and G. Igel and G.A. Urban},
	Booktitle = {Solid-State Sensors, Actuators and Microsystems Conference, 2007. TRANSDUCERS 2007.},
	Doi = {10.1109/SENSOR.2007.4300085},
	File = {:Photolacke\\Vult07.pdf:PDF},
	Journal = {Solid-State Sensors, Actuators and Microsystems Conference, 2007. TRANSDUCERS 2007.},
	Pages = {117\,-\,120},
	Title = {Full wafer fabrication process for microfluidic glass chips with electroplated electrodes},
	Url = {http://ieeexplore.ieee.org/xpls/abs\_all.jsp?arnumber=4300085},
	Year = {2007}}

@article{Vult06,
	Author = {P. Vulto and others},
	Doi = {10.1088/0960-1317/16/9/013},
	File = {Vult06.pdf:Photolacke\\Vult06.pdf:PDF},
	Journal = {J. Micromech. Microeng.},
	Pages = {1847\,-\,1853},
	Title = {Selective sample recovery of DEP-separated cells and particles by phaseguide-controlled laminar flow},
	Url = {http://dx.doi.org/10.1088/0960-1317/16/9/013},
	Volume = {16},
	Year = {2006}}

@article{Vult05,
	Author = {P. Vulto and others},
	Doi = {10.1039/b411885e},
	File = {Vulto-Ordyl.pdf:Photolacke\\Vulto-Ordyl.pdf:PDF},
	Journal = {Lab on a Chip},
	Pages = {158\,-\,162},
	Title = {Microfluidic channel fabrication in dry film resist for production and prototyping of hybrid chips},
	Url = {http://dx.doi.org/10.1039/b411885e},
	Volume = {5},
	Year = {2005}}

@article{Wang06,
	Author = {C. Wang and X. He},
	Doi = {10.1016/j.surfcoat.2006.07.205},
	File = {:DBD\\Wang-PP-Contact-Angle-2006.pdf:PDF},
	Journal = {Surface \& Coatings Technology},
	Number = {6},
	Pages = {3377\,-\,3384},
	Publisher = {Elsevier},
	Title = {Polypropylene surface modification model in atmospheric pressure dielectric barrier discharge},
	Url = {http://dx.doi.org/10.1016/j.surfcoat.2006.07.205},
	Volume = {201},
	Year = {2006}}

@conference{Wash05,
	Author = {Y. Washio and others},
	Booktitle = {Proceedings of SPIE},
	Doi = {10.1117/12.600227},
	Pages = {959},
	Title = {Multilayer ultra thick resist development for {MEMS}},
	Url = {http://dx.doi.org/10.1117/12.600227},
	Volume = {5753},
	Year = {2005}}

@article{Will04,
	Author = {J.D. Williams and W. Wang},
	Doi = {10.1007/s00542-004-0396-1},
	File = {SU-8-Aspektverhaeltnis-2.pdf:Photolacke\\SU-8-Aspektverhaeltnis-2.pdf:PDF},
	Journal = {Microsystem Technologies},
	Pages = {699\,-\,705},
	Title = {Microfabrication of an electromagnetic power relay using {SU-8 based UV-LIGA} technology},
	Url = {http://dx.doi.org/10.1007/s00542-004-0396-1},
	Volume = {10},
	Year = {2004}}

@article{Xu07,
	Author = {X. Xu and L. Li and S. Wang and L. Zhao and T. Ye},
	Doi = {10.1088/0963-0252/16/2/021},
	File = {:DBD\\Xu-SiOx-DBD-2007.pdf:PDF},
	Journal = {Plasma Sources Sci. Technol.},
	Number = {2},
	Pages = {372\,-\,376},
	Publisher = {Bristol, UK: IOP Pub.; Woodbury, NY: American Institute of Physics, c1991-},
	Title = {Deposition of $\mathrm{SiO_x}$ films with a capacitively-coupled plasma at atmospheric pressure},
	Url = {http://dx.doi.org/10.1088/0963-0252/16/2/021},
	Volume = {16},
	Year = {2007}}

@article{Yama1996,
	Author = {K. Yamada and T. Haraguchi and T. Kajiyama},
	Doi = {10.1002/(SICI)1097-4628(19960613)60:11<1847::AID-APP8>3.0.CO;2-L},
	File = {:DBD\\Yamada-epoxy-grafting-1996.pdf:PDF},
	Journal = {J. Appl. Polym. Sci.},
	Number = {11},
	Pages = {1847\,-\,1853},
	Publisher = {Wiley Subscription Services, Inc., A Wiley Company New York},
	Title = {Plasma-graft polymerization of vinyl monomers with reactive groups onto a surface of poly (p-phenylene terephthalamide) fiber},
	Url = {\href{http://dx.doi.org/10.1002/(SICI)1097-4628(19960613)60:11<1847::AID-APP8>3.0.CO;2-L}{http://dx.doi.org/10.1002/(SICI)1097-4628(19960613)60:11<1847::AID-APP8>3.0.CO;2-L}},
	Volume = {60},
	Year = {1996}}

@book{Yasu05,
	Author = {Hirotsugu Yasuda},
	Edition = {1st},
	Editor = {Arthur T. Hubbard},
	Publisher = {Marcel Dekker},
	Series = {Surfactant Science Series},
	Title = {Luminous Chemical Vapor Deposition and Interface Engineering},
	Volume = {122},
	Year = {2005}}

@article{Yu06,
	Author = {L. Yu and others},
	Doi = {10.1088/1742-6596/34/1/128},
	File = {Yu06.pdf:Photolacke\\Yu06.pdf:PDF},
	Journal = {J. Phys.: Conf. Ser.},
	Pages = {776\,-\,781},
	Title = {Adhesive bonding with SU-8 at wafer level for microfluidic devices},
	Url = {http://dx.doi.org/10.1088/1742-6596/34/1/128},
	Volume = {34},
	Year = {2006}}

@article{Zhan04,
	Author = {J. Zhang and M.B. Chan-Park and S.R. Conner},
	Doi = {10.1039/b403304c},
	File = {SU-8-Aspektverhaeltnis-Theorie.pdf:Photolacke\\SU-8-Aspektverhaeltnis-Theorie.pdf:PDF},
	Journal = {Lab on a Chip},
	Pages = {646\,-\,653},
	Title = {Effect of exposure dose on the replication fidelity and profile of very high aspect ratio microchannels in {SU-8}},
	Url = {http://dx.doi.org/10.1039/b403304c},
	Volume = {4},
	Year = {2004}}

@article{Zhan1995,
	Author = {J. Zhang. and K. Kato and Y. Uyama and Y. Ikada},
	Doi = {10.1002/pola.1995.080331509},
	File = {:DBD\\Zhang-epoxy-grafting-PE-1995.pdf:PDF},
	Journal = {J. Polymer Sci. Polymer Chem.},
	Number = {15},
	Pages = {2629\,-\,2638},
	Publisher = {John Wiley \& Sons, Inc. New York},
	Title = {Surface graft polymerization of glycidyl methacrylate onto polyethylene and the adhesion with epoxy resin},
	Url = {http://dx.doi.org/10.1002/pola.1995.080331509},
	Volume = {33},
	Year = {1995}}

@article{Zhao1999,
	Author = {Y. Zhao and M.-W. Urban},
	Doi = {10.1021/la981310m},
	File = {:DBD\\Zhao-Carboxy-on-PVDF-1999.pdf:PDF},
	Journal = {Langmuir},
	Number = {10},
	Pages = {3538\,-\,3544},
	Title = {Spectroscopic studies of microwave plasma reactions of maleic anhydride on poly (vinylidene fluoride) surfaces: crystallinity and surface reactions},
	Url = {http://dx.doi.org/10.1021/la981310m},
	Volume = {15},
	Year = {1999}}

@article{Zou01,
	Author = {X.P. Zou and E.T. Kang and K.G. Neoh and C.Q. Cui and T.B. Lim},
	Doi = {10.1016/S0032-3861(01)00113-6},
	File = {:DBD\\Zou-epoxy-2001.pdf:PDF},
	Journal = {Polymer},
	Number = {15},
	Pages = {6409\,-\,6418},
	Publisher = {Elsevier},
	Title = {Surface modification of poly (tetrafluoroethylene) films by plasma polymerization of glycidyl methacrylate for adhesion enhancement with evaporated copper},
	Url = {\href{http://dx.doi.org/10.1016/S0032-3861(01)00113-6}{http://dx.doi.org/10.1016/S0032-3861(01)00113-6}},
	Volume = {42},
	Year = {2001}}
